@INPROCEEDINGS{Iak,
author={R. {Iakovlev} and I. {Vatamaniuk} and D. {Malov}},
booktitle={2019 12th International Conference on Developments in eSystems Engineering (DeSE)},
title={Architecture Transformation of the Corporate Information Providing System for a Scientific Organization},
year={2019},
volume={},
number={},
pages={873-878},}
@ARTICLE{Rai,
author={T. {Rais Castro} and S. {Nice Alves de Souza}},
journal={IEEE Latin America Transactions},
title={Graphic Logical Desing for ORDB},
year={2013},
volume={11},
number={4},
pages={1097-1103},}
@INPROCEEDINGS{Ira,
author={S. {Iram} and D. {Al-Jumeily} and J. {Lunn}},
booktitle={2011 Developments in E-systems Engineering},
title={An Integrated Web-Based e-Assessment Tool},
year={2011},
volume={},
number={},
pages={271-275},}