@book{UML_2,
	author = {Rumbaugh J, Jacobso I, Booch G},
	title = {The Unified Modeling Language Reference Manual, Second Edition},
}
